@misc{vfs,
    title = "7th Annual VFS Micro Air Vehicle (MAV) Student Challenge",
    publisher = "Vertical Flight Society",
    year = "2018",
    month = "October",
    day = "18",
    howpublished = "\url{https://vtol.org/files/dmfile/7th-annual-mav-student-challenge_v7_oct182018.pdf?fbclid=IwAR3-J_yJIKUKoGPBfsdJFAbjMUzXoxwg1hCXiQi6JnWZRLOnSMBRnMmQGKU}"
}
